<?xml version="1.0" encoding="UTF-8"?><collection xmlns="http://www.loc.gov/MARC21/slim"><record><leader>00732nam--2200205-i-4500</leader><controlfield tag="001">000030133</controlfield><controlfield tag="002">20161230</controlfield><controlfield tag="005">20161230201038</controlfield><controlfield tag="008">060222s1000------------r-----000-0-eng-d</controlfield><datafield ind1=" " ind2=" " tag="020"><subfield code="a">8304009285</subfield></datafield><datafield ind1=" " ind2=" " tag="040"><subfield code="a">IFIN-HH</subfield></datafield><datafield ind1=" " ind2=" " tag="080"><subfield code="a">548.4(061.3)</subfield></datafield><datafield ind1="1" ind2=" " tag="100"><subfield code="a">Jastrzebska, Miroslawa</subfield></datafield><datafield ind1="1" ind2="0" tag="245"><subfield code="a">Lattice defects in crysatals</subfield><subfield code="b">Proceedings of the vi international summer school on lattice defects in cristals krynica, may 28 - june 10, 1980, vol. 3</subfield><subfield code="c">Miroslawa jastrzebska, tadeusz warminski (eds.)</subfield></datafield><datafield ind1=" " ind2=" " tag="260"><subfield code="a">Warszawa</subfield><subfield code="b">Polish Academy Of Sciences</subfield><subfield code="c">1981</subfield></datafield><datafield ind1=" " ind2=" " tag="300"><subfield code="a">436P</subfield></datafield><datafield ind1=" " ind2=" " tag="490"><subfield code="a">Proceedings Of Conferences In Physics</subfield><subfield code="v">Vol. 3</subfield></datafield><datafield ind1="1" ind2=" " tag="700"><subfield code="a">Warminski, Tadeusz</subfield><subfield code="e">Ed</subfield></datafield><datafield ind1=" " ind2=" " tag="852"><subfield code="a">49865</subfield><subfield code="c">539.2</subfield></datafield><datafield ind1=" " ind2=" " tag="CAT"><subfield code="a">Sys</subfield><subfield code="c">20121102</subfield><subfield code="h">145233</subfield></datafield></record></collection>